<record><leader>00000cas a22000007a 4500</leader><controlfield tag="001">20061103</controlfield><controlfield tag="008">890724d189u1910nduwr ne      0    0eng d</controlfield><datafield ind1=" " ind2=" " tag="010"><subfield code="a">sn 88076372 </subfield></datafield><datafield ind1=" " ind2=" " tag="040"><subfield code="a">NOP</subfield><subfield code="b">eng</subfield><subfield code="c">NOP</subfield><subfield code="d">KRTAS</subfield><subfield code="d">OCLCQ</subfield></datafield><datafield ind1=" " ind2=" " tag="042"><subfield code="a">msc</subfield></datafield><datafield ind1="0" ind2="0" tag="245"><subfield code="a">Ransom County independent.</subfield></datafield><datafield ind1="1" ind2="3" tag="246"><subfield code="a">Ransom Co. independent</subfield></datafield><datafield ind1="1" ind2="3" tag="246"><subfield code="a">Enderlin independent</subfield></datafield><datafield ind1=" " ind2=" " tag="260"><subfield code="a">Enderlin, Ransom County, N.D. :</subfield><subfield code="b">C.H. Potter</subfield></datafield><datafield ind1=" " ind2=" " tag="300"><subfield code="a">v. :</subfield><subfield code="b">ill. ;</subfield><subfield code="c">61 cm.</subfield></datafield><datafield ind1=" " ind2=" " tag="310"><subfield code="a">Weekly</subfield></datafield><datafield ind1="0" ind2=" " tag="362"><subfield code="a">-v. 17, no. 19 (Oct. 27, 1910).</subfield></datafield><datafield ind1=" " ind2=" " tag="500"><subfield code="a">Publishers block sometimes reads: Enderlin Independent.</subfield></datafield><datafield ind1=" " ind2=" " tag="530"><subfield code="a">Available on microfilm from the State Historical Society of North Dakota.</subfield></datafield><datafield ind1=" " ind2=" " tag="588"><subfield code="a">Description based on: Vol. 4, no. 35 (Feb. 17, 1898).</subfield></datafield><datafield ind1=" " ind2=" " tag="752"><subfield code="a">United States</subfield><subfield code="b">North Dakota</subfield><subfield code="c">Ransom</subfield><subfield code="d">Enderlin.</subfield></datafield><datafield ind1="0" ind2="0" tag="780"><subfield code="t">Ransom County independent and journal</subfield><subfield code="w">(DLC)sn 89074186</subfield></datafield><datafield ind1="0" ind2="0" tag="785"><subfield code="t">Enderlin independent</subfield><subfield code="w">(DLC)sn 88076373</subfield></datafield><datafield ind1=" " ind2=" " tag="938"><subfield code="a">Kirtas Technologies, Inc.</subfield><subfield code="b">KRTS</subfield><subfield code="n">941396</subfield></datafield><datafield ind1="1" ind2=" " tag="029"><subfield code="a">AU@</subfield><subfield code="b">000025837781</subfield></datafield></record>